@inproceedings{jin2017escape,
  title={How to escape saddle points efficiently},
  author={Jin, Chi and Ge, Rong and Netrapalli, Praneeth and Kakade, Sham M and Jordan, Michael I},
  booktitle={Proceedings of the 34th International Conference on Machine Learning-Volume 70},
  pages={1724--1732},
  year={2017},
  organization={JMLR. org}
}
